@article{DBLP:journals/corr/KingmaW13,
  author    = {Diederik P. Kingma and
               Max Welling},
  title     = {Auto-Encoding Variational Bayes},
  journal   = {CoRR},
  volume    = {abs/1312.6114},
  year      = {2013},
  archivePrefix = {arXiv},
  eprint    = {1312.6114},
  timestamp = {Mon, 13 Aug 2018 16:49:01 +0200},
  biburl    = {https://dblp.org/rec/bib/journals/corr/KingmaW13},
  bibsource = {dblp computer science bibliography, https://dblp.org}
}

@inproceedings{DBLP:conf/icml/SalimansKW15,
  author    = {Tim Salimans and
               Diederik P. Kingma and
               Max Welling},
  title     = {Markov Chain Monte Carlo and Variational Inference: Bridging the Gap},
  booktitle = {Proceedings of the 32nd International Conference on Machine Learning,
               {ICML} 2015, Lille, France, 6-11 July 2015},
  pages     = {1218--1226},
  year      = {2015},
  crossref  = {DBLP:conf/icml/2015},
  timestamp = {Wed, 29 Mar 2017 16:45:25 +0200},
  bibsource = {dblp computer science bibliography, https://dblp.org}
}


@inproceedings{DBLP:conf/aistats/NaessethLRB18,
  author    = {Christian A. Naesseth and
               Scott W. Linderman and
               Rajesh Ranganath and
               David M. Blei},
  title     = {Variational Sequential Monte Carlo},
  booktitle = {{AISTATS}},
  series    = {Proceedings of Machine Learning Research},
  volume    = {84},
  pages     = {968--977},
  publisher = {{PMLR}},
  year      = {2018}
}

@incollection{NIPS2017_7235,
title = {Filtering Variational Objectives},
author = {Maddison, Chris J and Lawson, John and Tucker, George and Heess, Nicolas and Norouzi, Mohammad and Mnih, Andriy and Doucet, Arnaud and Teh, Yee},
booktitle = {Advances in Neural Information Processing Systems 30},
editor = {I. Guyon and U. V. Luxburg and S. Bengio and H. Wallach and R. Fergus and S. Vishwanathan and R. Garnett},
pages = {6573--6583},
year = {2017},
publisher = {Curran Associates, Inc.}
}

@inproceedings{
anh2018autoencoding,
title={Auto-Encoding Sequential Monte Carlo},
author={Tuan Anh Le and Maximilian Igl and Tom Rainforth and Tom Jin and Frank Wood},
booktitle={International Conference on Learning Representations},
year={2018}
}

@inproceedings{    
anonymous2019a,    
title={A NOVEL VARIATIONAL FAMILY FOR HIDDEN NON-LINEAR MARKOV MODELS},    
author={Anonymous},    
booktitle={Submitted to International Conference on Learning Representations},    
year={2019},    
note={under review}    
}

@incollection{NIPS2016_6430,
title = {Linear dynamical neural population models through nonlinear embeddings},
author = {Gao, Yuanjun and Archer, Evan W and Paninski, Liam and Cunningham, John P},
booktitle = {Advances in Neural Information Processing Systems 29},
editor = {D. D. Lee and M. Sugiyama and U. V. Luxburg and I. Guyon and R. Garnett},
pages = {163--171},
year = {2016},
publisher = {Curran Associates, Inc.}
}


@incollection{NIPS2015_5653,
title = {A Recurrent Latent Variable Model for Sequential Data},
author = {Chung, Junyoung and Kastner, Kyle and Dinh, Laurent and Goel, Kratarth and Courville, Aaron C and Bengio, Yoshua},
booktitle = {Advances in Neural Information Processing Systems 28},
editor = {C. Cortes and N. D. Lawrence and D. D. Lee and M. Sugiyama and R. Garnett},
pages = {2980--2988},
year = {2015},
publisher = {Curran Associates, Inc.},
}

@article{DBLP:journals/corr/SussilloJAP16,
  author    = {David Sussillo and
               Rafal J{\'{o}}zefowicz and
               L. F. Abbott and
               Chethan Pandarinath},
  title     = {{LFADS} - Latent Factor Analysis via Dynamical Systems},
  journal   = {CoRR},
  volume    = {abs/1608.06315},
  year      = {2016},
  archivePrefix = {arXiv},
  eprint    = {1608.06315},
  timestamp = {Mon, 13 Aug 2018 01:00:00 +0200},
  bibsource = {dblp computer science bibliography, https://dblp.org}
}

@article{journals/corr/BurdaGS15,
  added-at = {2018-08-13T00:00:00.000+0200},
  author = {Burda, Yuri and Grosse, Roger B. and Salakhutdinov, Ruslan},
  ee = {http://arxiv.org/abs/1509.00519},
  interhash = {a4c6076e5d7446b80e49f484472b5ad2},
  intrahash = {d5550f48a5dde3303dfbbc6a2c8b38b4},
  journal = {CoRR},
  keywords = {dblp},
  timestamp = {2018-08-14T12:00:08.000+0200},
  title = {Importance Weighted Autoencoders.},
  volume = {abs/1509.00519},
  year = 2015
}


